@online{Tokumeigakarinoaoshima,
  author = {Tokumeigakarinoaoshima},
  title = {SoftBank pepper},
  year = 2014,
  url = {https://commons.wikimedia.org/wiki/File:SoftBank_pepper.JPG},
  urldate = {2022-08-16},
  note = {This file is made available under the Creative Commons CC0 1.0 Universal Public Domain Dedication.}
}

@online{ROSactionserver,
  author = {Open Robotics},
  title = {Action-SingleActionClient},
  year = 2022,
  url = {https://docs.ros.org/en/foxy/Tutorials/Beginner-CLI-Tools/Understanding-ROS2-Actions/Understanding-ROS2-Actions.html},
  urldate = {2022-08-16},
  note = {The ROS2 documentation is licensed under the Creative Commons Attribution 4.0 International License.}
}

@online{tf2-frames,
  author = {Tully Foote and Eitan Marder-Eppstein and Wim Meeussen},
  title = {tf2-frames},
  year = 2019,
  url = {https://wiki.ros.org/tf2},
  urldate = {2022-08-16},
  note = {The ROS wiki is licensed under the Creative Commons Attribution 3.0. Tf2 is licensed under the BSD License.}
}

@online{conway,
  author = {Thane Plambeck},
  title = {John Horton Conway},
  year = 2005,
  url = {https://www.flickr.com/photos/thane/20366806/},
  urldate = {2022-08-16},
  note = {This image is licensed under Creative Commons Attribution 2.0 Generic (CC BY 2.0) license.}
}